@article{eifrem2009neo4j,
  title={Neo4j-the benefits of graph databases},
  author={Eifrem, E.},
  journal={no: sql (east)},
  year={2009}
}

@article{Ley:2009:DLL:1687553.1687577,
 author = {Ley, Michael},
 title = {{DBLP: some lessons learned}},
 journal = {Proc. VLDB Endow.},
 issue_date = {August 2009},
 volume = {2},
 issue = {2},
 month = {August},
 year = {2009},
 issn = {2150-8097},
 pages = {1493--1500},
 numpages = {8},
 acmid = {1687577},
 publisher = {VLDB Endowment},
}

@article{ley2006maintaining,
  title={{Maintaining an online bibliographical database: The problem of data quality}},
  author={Ley, M. and Reuther, P.},
  journal={Extraction et gestion des connaissances (EGCâ€™2006), Actes des sixiemes journ{\'e}es Extraction et Gestion des Connaissances, Lille, France},
  pages={17--20},
  year={2006},
  publisher={Citeseer}
}

