@article{Ley:2009:DLL:1687553.1687577,
 author = {Ley, Michael},
 title = {{DBLP: some lessons learned}},
 journal = {Proc. VLDB Endow.},
 issue_date = {August 2009},
 volume = {2},
 issue = {2},
 month = {August},
 year = {2009},
 issn = {2150-8097},
 pages = {1493--1500},
 numpages = {8},
 url = {http://dl.acm.org/citation.cfm?id=1687553.1687577},
 acmid = {1687577},
 publisher = {VLDB Endowment},
}
