@article{595,
	author	=	{Oleg Trott and Arthur J. Olson},
	title	=	{{AutoDock Vina: Improving the speed and accuracy of docking with a new scoring function, efficient optimization, and multithreading}},
	journal	=	{Journal of Computational Chemistry},
	year	=	{2010},
	volume	=	{31},
	number	=	{2},
	pages	=	{455-461}
}

@inproceedings{1153,
	author	=	{Hongjian Li and Kwong-Sak Leung and Man-Hon Wong},
	title	=	{{idock: A multithreaded virtual screening tool for flexible ligand docking}},
	booktitle=	{2012 IEEE Symposium on Computational Intelligence in Bioinformatics and Computational Biology (CIBCB)},
	year	=	{2012},
	pages	=	{77-84}
}

@article{529,
	author	=	{Renxiao Wang and Xueliang Fang and Yipin Lu and Shaomeng Wang},
	title	=	{{The PDBbind Database: Collection of Binding Affinities for Protein-Ligand Complexes with Known Three-Dimensional Structures}},
	journal	=	{Journal of Medicinal Chemistry},
	year	=	{2004},
	volume	=	{47},
	number	=	{12},
	pages	=	{2977-2980}
}

@article{530,
	author	=	{Renxiao Wang and Xueliang Fang and Yipin Lu and Chao-Yie Yang and Shaomeng Wang},
	title	=	{{The PDBbind Database: Methodologies and Updates}},
	journal	=	{Journal of Medicinal Chemistry},
	year	=	{2005},
	volume	=	{48},
	number	=	{12},
	pages	=	{4111-4119}
}

@article{857,
	author	=	{James B. Dunbar and Richard D. Smith and Chao-Yie Yang and Peter Man-Un Ung and Katrina W. Lexa and Nickolay A. Khazanov and Jeanne A. Stuckey and Shaomeng Wang and Heather A. Carlson},
	title	=	{{CSAR Benchmark Exercise of 2010: Selection of the Protein-Ligand Complexes}},
	journal	=	{Journal of Chemical Information and Modeling},
	year	=	{2011},
	volume	=	{51},
	number	=	{9},
	pages	=	{2036-2046}
}

@article{960,
	author	=	{James B. Dunbar and Richard D. Smith and Chao-Yie Yang and Peter Man-Un Ung and Katrina W. Lexa and Nickolay A. Khazanov and Jeanne A. Stuckey and Shaomeng Wang and Heather A. Carlson},
	title	=	{{Correction to CSAR Benchmark Exercise of 2010: Selection of the Protein-Ligand Complexes}},
	journal	=	{Journal of Chemical Information and Modeling},
	year	=	{2011},
	volume	=	{51},
	number	=	{9},
	pages	=	{2146-2146}
}

@article{540,
	author	=	{Helen M. Berman and John Westbrook and Zukang Feng and Gary Gilliland and T. N. Bhat and Helge Weissig and Ilya N. Shindyalov and Philip E. Bourne},
	title	=	{{The Protein Data Bank}},
	journal	=	{Nucleic Acids Research},
	year	=	{2000},
	volume	=	{28},
	number	=	{1},
	pages	=	{235-242}
}

@article{537,
	author	=	{Helen Berman and Kim Henrick and Haruki Nakamura},
	title	=	{{Announcing the worldwide Protein Data Bank}},
	journal	=	{Nature Structural \& Molecular Biology},
	year	=	{2003},
	volume	=	{10},
	number	=	{12},
	pages	=	{980-980}
}

@article{532,
	author	=	{John J. Irwin and Brian K. Shoichet},
	title	=	{{ZINC - A Free Database of Commercially Available Compounds for Virtual Screening}},
	journal	=	{Journal of Chemical Information and Modeling},
	year	=	{2005},
	volume	=	{45},
	number	=	{1},
	pages	=	{177-182}
}

@article{1178,
	author	=	{John J. Irwin and Teague Sterling and Michael M. Mysinger and Erin S. Bolstad and Ryan G. Coleman},
	title	=	{{ZINC: A Free Tool to Discover Chemistry for Biology}},
	journal	=	{Journal of Chemical Information and Modeling},
	year	=	{2012},
	volume	=	{52},
	number	=	{7},
	pages	=	{1757-1768}
}

@article{557,
	author	=	{John J. Irwin and Brian K. Shoichet and Michael M. Mysinger and Niu Huang and Francesco Colizzi and Pascal Wassam and Yiqun Cao},
	title	=	{{Automated Docking Screens: A Feasibility Study}},
	journal	=	{Journal of Medicinal Chemistry},
	year	=	{2009},
	volume	=	{52},
	number	=	{18},
	pages	=	{5712-5720}
}

@article{899,
	author	=	{Tsung-Ying Tsai and Kai-Wei Chang and Calvin Chen},
	title	=	{{iScreen: world's first cloud-computing web server for virtual screening and de novo drug design based on TCM database@Taiwan}},
	journal	=	{Journal of Computer-Aided Molecular Design},
	year	=	{2011},
	volume	=	{25},
	number	=	{6},
	pages	=	{525-531}
}

